@article{Annand2020,
  title={Early learning differences between intra-and interpersonal interlimb coordination},
  author={Annand, Colin T and Grover, Francis M and Silva, Paula L and Holden, John G and Riley, Michael A},
  journal={Human Movement Science},
  volume={73},
  pages={102682},
  year={2020},
  publisher={Elsevier}
}

  @misc{EtchASketch,
	author = "{Wikipedia contributors}",
	title = "Etch A Sketch --- {Wikipedia}{,} The Free Encyclopedia",
	year = "2021",
	howpublished = "\url{https://en.wikipedia.org/w/index.php?title=Etch_A_Sketch&oldid=1046834319}",
	note = "[Online; accessed 8-January-2022]"
}


@book{Marr2010,
	title={Vision: A Computational Investigation into the Human Representation and Processing of Visual Information},
	author={Marr, D.},
	isbn={9780262514620},
	lccn={2009048460},
	series={Mit Press},
	url={https://books.google.com/books?id=Wr34DwAAQBAJ},
	year={2010},
	publisher={MIT Press}
}